 % Bibliography of key references for "LaTeX for Thesis and Large Documents"
% For use with BibTeX


%%%%%%%%%%%%%%%%%%%%%%%%%%%%%%%%%%%%%%%%%%%%%%%%%%%%%%%%%%%%%%%%%%%%%%%%
% Impurities in Si, doping, gettering, precipitation vs solute, effect of dislocation & 
% grain boundary on these things
% Effect of impurties on performance of Si
@article{coletti2011impact,
  title={Impact of metal contamination in silicon solar cells},
  author={Coletti, Gianluca and Bronsveld, Paula CP and Hahn, Giso and Warta, Wilhelm and Macdonald, Daniel and Ceccaroli, Bruno and Wambach, Karsten and Le Quang, Nam and Fernandez, Juan M},
  journal={Advanced Functional Materials},
  volume={21},
  number={5},
  pages={879--890},
  year={2011},
  publisher={Wiley Online Library}
}
@article{istratov2003metal,
  title={Metal content of multicrystalline silicon for solar cells and its impact on minority carrier diffusion length},
  author={Istratov, AA and Buonassisi, T and McDonald, RJ and Smith, AR and Schindler, R and Rand, JA and Kalejs, J Pl and Weber, ER},
  journal={Journal of Applied Physics},
  volume={94},
  number={10},
  pages={6552--6559},
  year={2003},
  publisher={AIP Publishing}
}
@article{coletti2006mechanical,
  title={Mechanical strength of silicon wafers depending on wafer thickness and surface treatment},
  author={Coletti, G and van der Borg, NJCM and De Iuliis, S and Tool, CJJ and Geerligs, LJ},
  journal={a, a},
  volume={2000},
  number={80},
  pages={86},
  year={2006}
}
@article{kurtz1956effect,
  title={Effect of dislocations on the minority carrier lifetime in semiconductors},
  author={Kurtz, AD and Kulin, SA and Averbach, BL},
  journal={Physical Review},
  volume={101},
  number={4},
  pages={1285},
  year={1956},
  publisher={APS}
}
%metal contamination
@article{davis1980impurities,
  title={Impurities in silicon solar cells},
  author={Davis, JR and Rohatgi, Ajeet and Hopkins, Richard H and Blais, Philip D and Rai-Choudhury, P and Mccormick, James R and Mollenkopf, HC},
  journal={IEEE Transactions on Electron Devices},
  volume={27},
  number={4},
  pages={677--687},
  year={1980},
  publisher={IEEE}
}
@article{bentzen2009overview,
  title={Overview of phosphorus diffusion and gettering in multicrystalline silicon},
  author={Bentzen, A and Holt, A},
  journal={Materials Science and Engineering: B},
  volume={159},
  pages={228--234},
  year={2009},
  publisher={Elsevier}
}
@article{kveder2001recombination,
  title={Recombination activity of contaminated dislocations in silicon: A model describing electron-beam-induced current contrast behavior},
  author={Kveder, V and Kittler, M and Schr{\"o}ter, W},
  journal={Physical Review B},
  volume={63},
  number={11},
  pages={115208},
  year={2001},
  publisher={APS}
}
@inproceedings{bentzen2004phosphorus,
  title={Phosphorus diffusion and gettering in multi-crystalline silicon solar cell processing},
  author={Bentzen, Andreas and Marstein, ES and Kopecek, Radovan and Holt, Arve},
  booktitle={19th European Photovoltaic Solar Energy Conference, Paris},
  year={2004}
}
@article{seager1981grain,
  title={Grain boundary recombination: Theory and experiment in silicon},
  author={Seager, CH},
  journal={Journal of Applied Physics},
  volume={52},
  number={6},
  pages={3960--3968},
  year={1981},
  publisher={AIP Publishing}
}
@article{bentzen2009overview,
  title={Overview of phosphorus diffusion and gettering in multicrystalline silicon},
  author={Bentzen, A and Holt, A},
  journal={Materials Science and Engineering: B},
  volume={159},
  pages={228--234},
  year={2009},
  publisher={Elsevier}
}
@article{buonassisi2005engineering,
  title={Engineering metal-impurity nanodefects for low-cost solar cells},
  author={Buonassisi, Tonio and Istratov, Andrei A and Marcus, Matthew A and Lai, Barry and Cai, Zhonghou and Heald, Steven M and Weber, Eicke R},
  journal={Nature Materials},
  volume={4},
  number={9},
  pages={676--679},
  year={2005},
  publisher={Nature Publishing Group}
}
@article{istratov1999iron,
  title={Iron and its complexes in silicon},
  author={Istratov, AA and Hieslmair, H and Weber, ER},
  journal={Applied Physics A},
  volume={69},
  number={1},
  pages={13--44},
  year={1999},
  publisher={Springer}
}
@article{arafune2007directional,
  title={Directional solidification of polycrystalline silicon ingots by successive relaxation of supercooling method},
  author={Arafune, Koji and Ohishi, Eichiro and Sai, Hitoshi and Ohshita, Yoshio and Yamaguchi, Masafumi},
  journal={Journal of Crystal Growth},
  volume={308},
  number={1},
  pages={5--9},
  year={2007},
  publisher={Elsevier}
}
@article{fujiwara2006directional,
  title={Directional growth method to obtain high quality polycrystalline silicon from its melt},
  author={Fujiwara, Kozo and Pan, Wugen and Sawada, Kohei and Tokairin, M and Usami, Noritaka and Nose, Y and Nomura, Akiko and Shishido, Toetsu and Nakajima, Kazuo},
  journal={Journal of Crystal Growth},
  volume={292},
  number={2},
  pages={282--285},
  year={2006},
  publisher={Elsevier}
}
@article{moller2005multicrystalline,
  title={Multicrystalline silicon for solar cells},
  author={M{\"o}ller, Hans Joachim and Funke, Claudia and Rinio, Markus and Scholz, Sandra},
  journal={Thin Solid Films},
  volume={487},
  number={1},
  pages={179--187},
  year={2005},
  publisher={Elsevier}
}
@article{ryningen2011growth,
  title={Growth of dislocation clusters during directional solidification of multicrystalline silicon ingots},
  author={Ryningen, B and Stokkan, G and Kivambe, M and Ervik, T and Lohne, O},
  journal={Acta Materialia},
  volume={59},
  number={20},
  pages={7703--7710},
  year={2011},
  publisher={Elsevier}
}
%%%%%%%%%%%%%%%%%%%%%%%%%%%%%%%%%%%%%%%%%%%%%%%%%%%%%%%%%%%%%%%%%%%%%%%%%%

@book{hull1999properties,
  title={Properties of crystalline silicon},
  author={Hull, Robert},
  number={20},
  year={1999},
  publisher={IET},
  series={1}
}

@article{kailer1997phase,
  title={Phase transformations of silicon caused by contact loading},
  author={Kailer, A and Gogotsi, Yu G and Nickel, KG},
  journal={Journal of applied physics},
  volume={81},
  number={7},
  pages={3057--3063},
  year={1997},
  publisher={AIP Publishing}
}

@article{hirth1982theory,
  title={Theory of dislocations},
  author={Hirth, John P and Lothe, Jens},
  year={1982},
  publisher={John Wiley$\backslash$ \& Sons}
}

%sumino 1984
@article{yonenaga1984mechanical,
  title={Mechanical strength of silicon crystals as a function of the oxygen concentration},
  author={Yonenaga, Ichiro and Sumino, Koji and Hoshi, Kinji},
  journal={Journal of applied physics},
  volume={56},
  number={8},
  pages={2346--2350},
  year={1984},
  publisher={AIP Publishing}
}


% GRAIN BOUNDARY dislocation precipitatoin
@article{buonassisi2006metal,
  title={Metal precipitation at grain boundaries in silicon: Dependence on grain boundary character and dislocation decoration},
  author={Buonassisi, T and Istratov, AA and Pickett, MD and Marcus, MA and Ciszek, TF and Weber, ER},
  journal={Applied Physics Letters},
  volume={89},
  number={4},
  pages={042102},
  year={2006},
  publisher={AIP Publishing}
}

%[sumino 1981]. Difference in the mechanical strengths of dislocation-free crystals of Czochralski silicon and float-zone silicon, K. Sumino, I. Yonenaga, Japanese Journal of Applied Physics, Vol. 20, No. 9, pp. L685-688, 1981

@article{sumino1981difference,
  title={Difference in the Mechanical Strengths of Dislocation-Free Crystals of Czochralski Silicon and Float-Zone Silicon},
  author={Sumino, Koji and Yonenaga, Ichiro},
  journal={Japanese Journal of Applied Physics},
  volume={20},
  number={9},
  pages={L685},
  year={1981},
  publisher={IOP Publishing}
}

%[Tyson 1966],  Tyson, W.R., Theoretical Strength of Perfect Crystals. Phil. Mag, 1966
@article{tyson1966theoretical,
  title={Theoretical strength of perfect crystals},
  author={Tyson, WR},
  journal={Philosophical Magazine},
  volume={14},
  number={131},
  pages={925--936},
  year={1966},
  publisher={Taylor \& Francis}
}
%dislocation generation on the surface
@article{tachikawa1990dislocation,
  title={Dislocation generation of GaAs on Si in the cooling stage},
  author={Tachikawa, Masami and Mori, Hidefumi},
  journal={Applied physics letters},
  volume={56},
  number={22},
  pages={2225--2227},
  year={1990},
  publisher={AIP Publishing}
}
%dislocation generration through scratch
@article{minowa1992stress,
  title={Stress-induced amorphization of silicon crystal by mechanical scratching},
  author={Minowa, Kyoko and Sumino, Koji},
  journal={Physical review letters},
  volume={69},
  number={2},
  pages={320},
  year={1992},
  publisher={APS}
}
%CZ vs FZ

 %[Sumino 1999] Metallurgical and Materials Transactions A June 1999, Volume 30, Issue 6, pp 1465–1479 Deformation behavior of silicon
@article{sumino1999deformation,
  title={Deformation behavior of silicon},
  author={Sumino, Koji},
  journal={Metallurgical and Materials Transactions A},
  volume={30},
  number={6},
  pages={1465--1479},
  year={1999},
  publisher={Springer}
}
 
 %Patel 1963 Macroscopic plastic properties of dislocation-free germanium and other semiconductor crystals. I. Yield behavior, J.R. Patel, A.R. Chaudhuri, Journal of Applied Physics, Vol. 34, No. 9, pp. 2788-2799, 1963
@article{patel1963macroscopic,
  title={Macroscopic Plastic Properties of Dislocation-Free Germanium and Other Semiconductor Crystals. I. Yield Behavior},
  author={Patel, JR and Chaudhuri, AR},
  journal={Journal of Applied Physics},
  volume={34},
  number={9},
  pages={2788--2799},
  year={1963},
  publisher={AIP Publishing}
}
%[Sumino 1971] 
 @article{kojima1971strain,
  title={Strain-rate and temperature dependence of mechanical behaviour in germanium crystals},
  author={Kojima, Ken-Ichi and SUMINO, Koji},
  journal={Science reports of the Research Institutes, Tohoku University. Ser. A, Physics, chemistry and metallurgy},
  volume={23},
  pages={211},
  year={1971},
  publisher={東北大学}
}
%[Estring 1986] ?? 
%Alexander 1968
@article{alexander1969dislocations,
  title={Dislocations and plastic flow in the diamond structure},
  author={Alexander, H and Haasen, P},
  journal={Solid state physics},
  volume={22},
  pages={27--158},
  year={1969},
  publisher={Elsevier}
}
% Yonenaga 1978
@article{yonenaga1978dislocation,
  title={Dislocation dynamics in the plastic deformation of silicon crystals I. Experiments},
  author={Yonenaga, Ichiro and Sumino, K},
  journal={Physica status solidi (a)},
  volume={50},
  number={2},
  pages={685--693},
  year={1978},
  publisher={Wiley Online Library}
}
% Siethoff 1992]
@article{siethoff1992yield,
  title={The yield point of as-grown and pre-deformed semiconductors},
  author={Siethoff, Hans},
  journal={Philosophical magazine letters},
  volume={66},
  number={1},
  pages={1--7},
  year={1992},
  publisher={Taylor \& Francis}
}
% Omri 1987
@article{omri1987yield,
  title={On the yield point of floating-zone silicon single crystals: I. Yield stresses and activation parameters},
  author={Omri, M'barek and Tete, Claude and Michel, Jean-Pierre and George, Amand},
  journal={Philosophical Magazine A},
  volume={55},
  number={5},
  pages={601--616},
  year={1987},
  publisher={Taylor \& Francis}
}
% yonenage 1996b
@article{yonenaga1996upper,
  title={Upper yield stress of Si crystals at high temperatures},
  author={Yonenaga, I},
  journal={Journal of the Electrochemical Society},
  volume={143},
  number={8},
  pages={L176--L178},
  year={1996},
  publisher={The Electrochemical Society}
}
% siethoff 1999a
@article{siethoff1999regime,
  title={A regime of the yield point of silicon at high temperatures},
  author={Siethoff, Hans and Brion, Hans Georg and Schr{\"o}ter, Wolfgang},
  journal={Applied physics letters},
  volume={75},
  number={9},
  pages={1234--1236},
  year={1999},
  publisher={AIP Publishing}
}
% siethoff 2001
@article{siethoff2001deformation,
  title={The deformation regimes of the yield point of silicon},
  author={Siethoff, Hans and Georg Brion, Hans},
  journal={Philosophical Magazine A},
  volume={81},
  number={1},
  pages={145--152},
  year={2001},
  publisher={Taylor \& Francis}
} 
%Hill dislocation partials 60 degreee
@article{hill1974deformation,
  title={Deformation of silicon at low temperatures},
  author={Hill, MJ and Rowcliffe, DJ},
  journal={Journal of Materials Science},
  volume={9},
  number={10},
  pages={1569--1576},
  year={1974},
  publisher={Springer}
}
%zhang 2004
@inproceedings{zhang2004plasticity,
  title={Plasticity in Monocrystalline Silicon: Experiment and Modelling},
  author={Zhang, Liang Chi},
  booktitle={Key Engineering Materials},
  volume={274},
  pages={1--10},
  year={2004},
  organization={Trans Tech Publ}
}
%latent hardening
@article{franciosi1985concepts,
  title={The concepts of latent hardening and strain hardening in metallic single crystals},
  author={Franciosi, P},
  journal={Acta Metallurgica},
  volume={33},
  number={9},
  pages={1601--1612},
  year={1985},
  publisher={Elsevier}
}

%dislocation loop TEM
@article{gottschalk1979motion,
  title={Motion of partial dislocations},
  author={Gottschalk, H},
  journal={Le Journal de Physique Colloques},
  volume={40},
  number={C6},
  pages={C6--127},
  year={1979},
  publisher={EDP Sciences}
}

%dusbery glide shuffle controversy
@article{duesbery1996dislocation,
  title={Dislocation motion in silicon: the shuffle-glide controversy},
  author={Duesbery, MS},
  journal={Philosophical magazine letters},
  volume={74},
  number={4},
  pages={253--258},
  year={1996},
  publisher={Taylor \& Francis}
}

%dislocation velocity exps
@article{patel1976electronic,
  title={Electronic effects on dislocation velocities in heavily doped silicon},
  author={Patel, JR and Testardi, LR and Freeland, PE},
  journal={Physical Review B},
  volume={13},
  number={8},
  pages={3548},
  year={1976},
  publisher={APS}
}
@article{george1972velocities,
  title={Velocities of Screw and 60°-Dislocations in Silicon},
  author={George, A and Escaravage, C and Champier, G and Schr{\"o}ter, W},
  journal={physica status solidi (b)},
  volume={53},
  number={2},
  pages={483--496},
  year={1972},
  publisher={Wiley Online Library}
}
@article{erofeev1969effect,
  title={Effect of impurities on the individual dislocation mobility in silicon},
  author={Erofeev, VN and Nikitenko, VI and Osvenskii, VB},
  journal={physica status solidi (b)},
  volume={35},
  number={1},
  pages={79--88},
  year={1969},
  publisher={Wiley Online Library}
}
@book{mizera1987proceedings,
  title={Proceedings of the 7th International School, Defects in Crystals, Szczyrk (Poland), May 23-30, 1985},
  author={Mizera, E},
  year={1987},
  publisher={World Scientific Publishing Company Incorporated}
}
@article{imai1983situ,
  title={In situ X-ray topographic study of the dislocation mobility in high-purity and impurity-doped silicon crystals},
  author={Imai, Masato and Sumino, Koji},
  journal={Philosophical Magazine A},
  volume={47},
  number={4},
  pages={599--621},
  year={1983},
  publisher={Taylor \& Francis}
}

%dislocation multiplication

@article{sumino1981situ,
  title={In situ X-ray topographic studies of the generation and the multiplication processes of dislocations in silicon crystals at elevated temperatures},
  author={Sumino, Koji and Harada, Hirofumi},
  journal={Philosophical Magazine A},
  volume={44},
  number={6},
  pages={1319--1334},
  year={1981},
  publisher={Taylor \& Francis}
}

@inproceedings{sato1977situ,
  title={In situ tensile tests of silicon crystals at elevated temperatures in a high voltage electron microscope},
  author={Sato, Masayoshi and Sumino, Koji},
  booktitle={High voltage electron microscopy: proceedings of the fifth International Conference on High Voltage Electron Microscopy},
  year={1977},
  organization={Japanese Society of Electron Microscopy}
}

@article{peissker1962anisotropic,
  title={Anisotropic plastic deformation of indium antimonide},
  author={Peissker, E and Haasen, P and Alexander, H},
  journal={Philosophical Magazine},
  volume={7},
  number={80},
  pages={1279--1303},
  year={1962},
  publisher={Taylor \& Francis}
}
@inproceedings{yonenaga1991mechanical,
  title={Mechanical behaviour of semiconductors in terms of dislocation dynamics},
  author={Yonenaga, Ichiro and Sumino, Koji},
  booktitle={Solid State Phenomena},
  volume={19},
  pages={295--310},
  year={1991},
  organization={Trans Tech Publ}
}
@article{brede1993brittle,
  title={The brittle-to-ductile transition in silicon},
  author={Brede, M},
  journal={Acta metallurgica et materialia},
  volume={41},
  number={1},
  pages={211--228},
  year={1993},
  publisher={Elsevier}
}
 ---------------------------------------------------
 wire sawing
 
 %[25] M. Bhagavat and I. Kao, "Elasto-hydrodynamic interaction in the free abrasive wafer slicing using a wiresaw: modeling and finite element analysis", Journal of Tribology, ASME Transactions. 2000. 122: 394-404. 
 @article{bhagavat2000elasto,
  title={Elasto-hydrodynamic interaction in the free abrasive wafer slicing using a wiresaw: modeling and finite element analysis},
  author={Bhagavat, M and Prasad, V and Kao, I},
  journal={Journal of Tribology},
  volume={122},
  number={2},
  pages={394--404},
  year={2000},
  publisher={American Society of Mechanical Engineers}
}

%[29] S. Bhagavat and I. Kao, “A finite element analysis of temperature variation in silicon wafers during wiresaw slicing”, International Journal of Machine Tool & Manufacture, 2008. 48(1):95-106. 

@article{bhagavat2008finite,
  title={A finite element analysis of temperature variation in silicon wafers during wiresaw slicing},
  author={Bhagavat, Sumeet and Kao, Imin},
  journal={International Journal of Machine Tools and Manufacture},
  volume={48},
  number={1},
  pages={95--106},
  year={2008},
  publisher={Elsevier}
}


 
%Yanf et al [26]
@article{yang1999interior,
  title={Interior stress for axisymmetric abrasive indentation in the free abrasive machining process: Slicing silicon wafers with modern wiresaw},
  author={Yang, Fuqian and Kao, I},
  journal={Journal of Electronic Packaging},
  volume={121},
  number={3},
  pages={191--195},
  year={1999},
  publisher={American Society of Mechanical Engineers}
}
%Moller el al [ref] 
@article{moller2004basic,
  title={Basic Mechanisms and Models of Multi-Wire Sawing},
  author={M{\"o}ller, Hans Joachim},
  journal={Advanced Engineering Materials},
  volume={6},
  number={7},
  pages={501--513},
  year={2004},
  publisher={Wiley Online Library}
}
%Zhu et al  galerkin
@article{zhu2005galerkin,
  title={Galerkin-based modal analysis on the vibration of wire--slurry system in wafer slicing using a wiresaw},
  author={Zhu, Liqun and Kao, Imin},
  journal={Journal of Sound and Vibration},
  volume={283},
  number={3},
  pages={589--620},
  year={2005},
  publisher={Elsevier}
}
%Liu el al [ref]
@article{liu2007mechanism,
  title={The mechanism of ductile chip formation in cutting of brittle materials},
  author={Liu, K and Li, XP and Liang, SY},
  journal={The International Journal of Advanced Manufacturing Technology},
  volume={33},
  number={9-10},
  pages={875--884},
  year={2007},
  publisher={Springer}
}
%Cai el al [ref] 
@article{cai2007study,
  title={Study of the mechanism of nanoscale ductile mode cutting of silicon using molecular dynamics simulation},
  author={Cai, MB and Li, XP and Rahman, M},
  journal={International Journal of Machine Tools and Manufacture},
  volume={47},
  number={1},
  pages={75--80},
  year={2007},
  publisher={Elsevier}
}

%J.J. Wang and Y.Y. Liao, 
@article{wang2008critical,
  title={Critical depth of cut and specific cutting energy of a microscribing process for hard and brittle materials},
  author={Wang, Jiunn-Jyh Junz and Liao, Yong-Yuan},
  journal={Journal of Engineering Materials and Technology},
  volume={130},
  number={1},
  pages={011002},
  year={2008},
  publisher={American Society of Mechanical Engineers}
}
%mirco-Raman spectroscopy by Yan et al [ref] 
@article{yan2009fundamental,
  title={Fundamental investigation of subsurface damage in single crystalline silicon caused by diamond machining},
  author={Yan, Jiwang and Asami, Tooru and Harada, Hirofumi and Kuriyagawa, Tsunemoto},
  journal={Precision Engineering},
  volume={33},
  number={4},
  pages={378--386},
  year={2009},
  publisher={Elsevier}
}
%[Bidville et al]. 
@article{bidiville2010mechanisms,
  title={Mechanisms of wafer sawing and impact on wafer properties},
  author={Bidiville, A and Wasmer, K and Michler, J and Nasch, PM and Van der Meer, M and Ballif, C},
  journal={Progress in Photovoltaics: Research and Applications},
  volume={18},
  number={8},
  pages={563--572},
  year={2010},
  publisher={Wiley Online Library}
}
%Arefin et al [ref]
@article{arefin2007upper,
  title={The upper bound of tool edge radius for nanoscale ductile mode cutting of silicon wafer},
  author={Arefin, S and Li, XP and Rahman, M and Liu, K},
  journal={The International Journal of Advanced Manufacturing Technology},
  volume={31},
  number={7-8},
  pages={655--662},
  year={2007},
  publisher={Springer}
}
%Biewisch el al [ref] 
@article{bierwisch2011modelling,
  title={Modelling of contact regimes in wire sawing with dissipative particle dynamics},
  author={Bierwisch, C and K{\"u}bler, R and Kleer, G and Moseler, M},
  journal={Philosophical Transactions of the Royal Society of London A: Mathematical, Physical and Engineering Sciences},
  volume={369},
  number={1945},
  pages={2422--2430},
  year={2011},
  publisher={The Royal Society}
}
% Zhao et al [ref] 
@article{zhao2011pde,
  title={PDE-constrained Gaussian process model on material removal rate of wire saw slicing process},
  author={Zhao, Hongxu and Jin, Ran and Wu, Su and Shi, Jianjun},
  journal={Journal of Manufacturing Science and Engineering},
  volume={133},
  number={2},
  pages={021012},
  year={2011},
  publisher={American Society of Mechanical Engineers}
}
% Liedke et al [ref]
@article{liedke2011macroscopic,
  title={A macroscopic mechanical model of the wire sawing process},
  author={Liedke, T and Kuna, M},
  journal={International Journal of Machine Tools and Manufacture},
  volume={51},
  number={9},
  pages={711--720},
  year={2011},
  publisher={Elsevier}
}
@misc{ariga2003wire,
  title={Wire saw and cutting method},
  author={Ariga, Yasuharu},
  year={2003},
  month=nov # "~25",
  publisher={Google Patents},
  note={US Patent 6,652,356}
}
 %%%%%%%%%%%%%%%%%%%%%%%
 %%%%%%casting
 @article{takahashi2010generation,
  title={Generation mechanism of dislocations during directional solidification of multicrystalline silicon using artificially designed seed},
  author={Takahashi, Isao and Usami, Noritaka and Kutsukake, Kentaro and Stokkan, Gaute and Morishita, Kohei and Nakajima, Kazuo},
  journal={Journal of Crystal Growth},
  volume={312},
  number={7},
  pages={897--901},
  year={2010},
  publisher={Elsevier}
}
@article{nakano2011numerical,
  title={Numerical analysis of cooling rate dependence on dislocation density in multicrystalline silicon for solar cells},
  author={Nakano, S and Chen, XJ and Gao, B and Kakimoto, K},
  journal={Journal of Crystal Growth},
  volume={318},
  number={1},
  pages={280--282},
  year={2011},
  publisher={Elsevier}
}
@inproceedings{meese2006thermo,
  title={Thermo-mechanical analysis of directional crystallisation of multi-crystalline silicon ingots},
  author={Meese, Ernst A and Laux, Harald and {\O}vrelid, Eivind J and others},
  booktitle={Materials Science Forum},
  volume={508},
  pages={597--602},
  year={2006},
  organization={Trans Tech Publ}
}


%%%%%%%%%%%%%%%%%%%%%%%%%%%%%%%%%%%
%%%Lit review casting
@article{franciosi1982multislip,
  title={Multislip in fcc crystals a theoretical approach compared with experimental data},
  author={Franciosi, P and Zaoui, A},
  journal={Acta Metallurgica},
  volume={30},
  number={8},
  pages={1627--1637},
  year={1982},
  publisher={Elsevier}
}
@article{cochard2013novel,
  title={A novel constitutive model for semiconductors: The case of silicon},
  author={Cochard, J and Yonenaga, I and M'Hamdi, M and Zhang, ZL},
  journal={Journal of the Mechanics and Physics of Solids},
  volume={61},
  number={12},
  pages={2402--2432},
  year={2013},
  publisher={Elsevier}
}
@article{sumino1983interaction,
  title={Interaction of dislocations with impurities in silicon crystals studied by in situ X-ray topography},
  author={Sumino, Koji and Imai, Masato},
  journal={Philosophical Magazine A},
  volume={47},
  number={5},
  pages={753--766},
  year={1983},
  publisher={Taylor \& Francis}
}
@article{widmer1986thermoplastic,
  title={Thermoplastic deformation of silicon wafers},
  author={Widmer, AE and Rehwald, W},
  journal={Journal of The Electrochemical Society},
  volume={133},
  number={11},
  pages={2403--2409},
  year={1986},
  publisher={The Electrochemical Society}
}
%%%%%%%%%%%%%%%%%%%%%%%%%%%%%%%%%%
%%%%%%%%%%%%%%%%%%%%%%%%%%%%%%%%%%
%% Material properties
%thermal conductivity of molten silicon
@article{nishi2003thermal,
  title={Thermal diffusivities and conductivities of molten germanium and silicon},
  author={Nishi, Tsuyoshi and Shibata, Hiroyuki and Ohta, Hiromichi},
  journal={Materials Transactions},
  volume={44},
  number={11},
  pages={2369--2374},
  year={2003},
  publisher={The Japan Institute of Metals and Materials}
}
%thermal conductivity of solid silicon
@article{glassbrenner1964thermal,
  title={Thermal conductivity of silicon and germanium from 3 K to the melting point},
  author={Glassbrenner, CJ and Slack, Glen A},
  journal={Physical Review},
  volume={134},
  number={4A},
  pages={A1058},
  year={1964},
  publisher={APS}
}
%silicon specific heat
@misc{okhotin1972thermophysical,
  title={Thermophysical Properties of Semiconductors", Moscow," Atom" Publ},
  author={Okhotin, AS and Pushkarski, AS and Gorbachev, VV},
  year={1972},
  publisher={House}
}

%%%%%%%%%%%%%%%%%%%%%%%%
%%% some creep models in general
@article{cuitino1993computational,
  title={Computational modelling of single crystals},
  author={Cuitino, Alberto M and Ortiz, Michael},
  journal={Modelling and Simulation in Materials Science and Engineering},
  volume={1},
  number={3},
  pages={225},
  year={1993},
  publisher={IOP Publishing}
}
@article{siethoff1968lattice,
  title={Lattice Defects in Semiconductors},
  author={Siethoff, H and Haasen, P and Hasiguti, HR},
  journal={University of Tokyo, Tokyo},
  pages={491},
  year={1968}
}
@article{miyazaki2007dislocation,
  title={Dislocation density evaluation using dislocation kinetics model},
  author={Miyazaki, N},
  journal={Journal of crystal growth},
  volume={303},
  number={1},
  pages={302--309},
  year={2007},
  publisher={Elsevier}
}

@article{haasen1962plastischen,
  title={Zur plastischen verformung von Germanium und InSb},
  author={Haasen, P},
  journal={Zeitschrift f{\"u}r Physik},
  volume={167},
  number={4},
  pages={461--467},
  year={1962},
  publisher={Springer}
}